%comment{This file was created with betterbib v3.2.0.}

@electronic{Beamer,
 Author = {Tantau, Til and Wright, Joseph and Miletić, Vedran},
 Title = {The beamer class},
 Url = {http://mirrors.ctan.org/macros/latex/contrib/beamer/doc/beameruserguide.pdf},
 Year = {2017},
 Owner = {myszka},
 Timestamp = {2017.05.21},
}

@electronic{Fontspec,
 Author = {Robertson, Will},
 Title = {The fontspec package. {{F}ont} selection for {XeLaTeX} and {LuaLaTeX}},
 Url = {http://mirrors.ctan.org/macros/latex/contrib/fontspec/fontspec.pdf},
 Year = {2017},
 Owner = {myszka},
 Timestamp = {2017.11.30},
}

@electronic{Logotyp,
 Title = {Logotyp},
 Organization = {Politechnika Wroc\l awska},
 Url = {http://pwr.edu.pl/uczelnia/o-politechnice/materialy-promocyjne/logotyp/},
 Year = {2017},
 Owner = {myszka},
 Timestamp = {2017.05.21},
}

@electronic{miktex,
 Author = {Schenk, Christian},
 Title = {{MiKTeX} Manual},
 Url = {http://docs.miktex.org/manual/localadditions.html},
 Year = {2017},
 Owner = {myszka},
 Timestamp = {2017.11.16},
}

@electronic{siw2004,
 Author = {Janiszewski, Grzegorz},
 Editor = {Chorążyczewska, Tamara},
 Title = {System identyfikacji wizualnej},
 Address = {Wroc\l aw},
 Url = {http://kmim.wm.pwr.edu.pl/myszka/wp-content/uploads/sites/2/2017/05/system\_identyfikacji\_wizualnej\_pwr.pdf},
 Year = {2004},
 Institution = {Politechnika Wroc\l awska},
 Owner = {myszka},
 Timestamp = {2017.05.21},
}

@electronic{siw2016,
 Author = {Janiszewski, Grzegorz},
 Editor = {Chorążyczewska, Tamara},
 Title = {System identyfikacji wizualnej},
 Address = {Wroc\l aw},
 Url = {http://kmim.wm.pwr.edu.pl/myszka/wp-content/uploads/sites/2/2017/05/siw\_2016\_popr.pdf},
 Year = {2016},
 Institution = {Politechnika Wroc\l awska},
 Owner = {myszka},
 Timestamp = {2017.05.21},
}

@electronic{tds,
 Title = {A Directory Structure for {{{{\TeX} } } } Files},
 Organization = {TeX Users Group},
 Url = {http://tug.org/tds/tds.html},
 Year = {2004},
 Owner = {myszka},
 Timestamp = {2017.11.16},
}

